@article{kuznetsova2014random,
  title={Random Forest Visualization},
  author={Kuznetsova, Natalia and Westenberg, Michel and Buchin, K and Dinkla, K and van den Elzen, SJ},
  journal={Eindhoven University of Technology},
  year={2014}
}
@article{tufte1985visual,
  title={The visual display of quantitative information},
  author={Tufte, Edward R},
  journal={The Journal for Healthcare Quality (JHQ)},
  volume={7},
  number={3},
  pages={15},
  year={1985},
  publisher={LWW}
}
@article{livingston2005implementation,
  title={Implementation of Breimanâ€™s random forest machine learning algorithm},
  author={Livingston, Frederick},
  journal={ECE591Q Machine Learning Journal Paper},
  pages={1--13},
  year={2005}
}
@article{neto2020explainable,
  title={Explainable matrix-visualization for global and local interpretability of random forest classification ensembles},
  author={Neto, M{\'a}rio Popolin and Paulovich, Fernando V},
  journal={IEEE Transactions on Visualization and Computer Graphics},
  volume={27},
  number={2},
  pages={1427--1437},
  year={2020},
  publisher={IEEE}
}
@inproceedings{van2011baobabview,
  title={Baobabview: Interactive construction and analysis of decision trees},
  author={Van Den Elzen, Stef and Van Wijk, Jarke J},
  booktitle={2011 IEEE conference on visual analytics science and technology (VAST)},
  pages={151--160},
  year={2011},
  organization={IEEE}
}
@article{ming2018rulematrix,
  title={Rulematrix: Visualizing and understanding classifiers with rules},
  author={Ming, Yao and Qu, Huamin and Bertini, Enrico},
  journal={IEEE transactions on visualization and computer graphics},
  volume={25},
  number={1},
  pages={342--352},
  year={2018},
  publisher={IEEE}
}
@article{zhao2018iforest,
  title={iforest: Interpreting random forests via visual analytics},
  author={Zhao, Xun and Wu, Yanhong and Lee, Dik Lun and Cui, Weiwei},
  journal={IEEE transactions on visualization and computer graphics},
  volume={25},
  number={1},
  pages={407--416},
  year={2018},
  publisher={IEEE}
}

@article{friedman2001greedy,
  title={Greedy function approximation: a gradient boosting machine},
  author={Friedman, Jerome H},
  journal={Annals of statistics},
  pages={1189--1232},
  year={2001},
  publisher={JSTOR}
}

@book{hastie2009elements,
  title={The elements of statistical learning: data mining, inference, and prediction},
  author={Hastie, Trevor and Tibshirani, Robert and Friedman, Jerome H and Friedman, Jerome H},
  volume={2},
  year={2009},
  publisher={Springer}
}

@electronic{d3js,
  added-at = {2012-11-08T12:33:57.000+0100},
  author = {Bostock, Mike},
  biburl = {https://www.bibsonomy.org/bibtex/24fdb2faa7a94a7248a7fb5725aaa5afa/maxirichter},
  interhash = {9e3b5ed5b36799e856b35165b06248af},
  intrahash = {4fdb2faa7a94a7248a7fb5725aaa5afa},
  keywords = {browser css3 data html5 javascript visualization web},
  timestamp = {2012-11-08T12:33:57.000+0100},
  title = {D3.js - Data-Driven Documents},
  url = {http://d3js.org/},
  year = 2012
}

@book{grinberg2018flask,
  title={Flask web development: developing web applications with python},
  author={Grinberg, Miguel},
  year={2018},
  publisher={" O'Reilly Media, Inc."}
}